%%
%% WinShell 3.3.2.4
%% http://www.winshell.org/
%%

% Strings


% Preamble


% BibTeX Entries
@article{CD93,
 author               = {Culik, K. and Dube, S.},
 issn                 = {0001-5903},
 journal              = {Acta Informatica},
 number               = {3},
 pages                = {279--302},
 publisher            = {Springer},
 title                = {L-systems and mutually recursive function systems},
 url                  = {http://dx.doi.org/10.1007/BF01179375},
 volume               = {30},
 year                 = {1993},
 }

@article{Lin68,
 author               = {Lindenmayer, A.},
 journal              = {Journal of theoretical biology Parts I and II},
 number               = {3},
 pages                = {280--315},
 publisher            = {Elsevier},
 title                = {Mathematical models for cellular interactions in development.},
 volume               = {18},
 year                 = {1968},
 }

@article{Man06,
 author               = {Manousakis, S.},
 journal              = {Unpublished master thesis, Institute of Sonology, The Hague},
 title                = {Musical L-systems},
 year                 = {2006},
 }

@inproceedings{MP96,
 author               = {M{\v{e}}ch, R. and Prusinkiewicz, P.},
 booktitle            = {Proceedings of the 23rd annual conference on Computer graphics and interactive techniques},
 organization         = {ACM},
 pages                = {397--410},
 title                = {Visual models of plants interacting with their environment},
 year                 = {1996},
 }

@inproceedings{PH93,
 author               = {Prusinkiewicz, P. and Hammel, M.},
 booktitle            = {Graphics Interface},
 organization         = {Canadian Information Processing Society},
 pages                = {174--180},
 title                = {A fractal model of mountains and rivers},
 volume               = {93},
 year                 = {1993},
 }

@book{PL91,
 author               = {Prusinkiewicz, P. and Lindenmayer, A.},
 publisher            = {Springer},
 title                = {The algorithmic beauty of plants},
 year                 = {1991},
 }

@inproceedings{PM01,
 author               = {Parish, Y.I.H. and M{\"u}ller, P.},
 booktitle            = {Proceedings of the 28th annual conference on Computer graphics and interactive techniques},
 isbn                 = {1-58113-374-X},
 organization         = {ACM},
 pages                = {301--308},
 title                = {Procedural modeling of cities},
 url                  = {http://doi.acm.org/10.1145/383259.383292},
 year                 = {2001},
 }

@book{Pru85,
 author               = {Prusinkiewicz, P.},
 publisher            = {Department of Computer Science, University of Regina},
 title                = {Graphical applications of L-systems},
 year                 = {1985},
 }

@article{PSSK03,
 author               = {Prusinkiewicz, P. and Samavati, F. and Smith, C. and Karwowski, R.},
 journal              = {International Journal of Shape Modeling},
 number               = {1},
 pages                = {41--59},
 title                = {L-system description of subdivision curves},
 volume               = {9},
 year                 = {2003},
 }

@inproceedings{SBM10,
 author               = {{\v{S}}{\v{t}}ava, O. and Bene{\v{s}}, B. and M{\v{e}}ch, R. and Aliaga, D.G. and Kri{\v{s}}tof, P.},
 booktitle            = {Computer Graphics Forum},
 number               = {2},
 organization         = {Wiley Online Library},
 pages                = {665--674},
 title                = {Inverse Procedural Modeling by Automatic Generation of L-systems},
 volume               = {29},
 year                 = {2010},
 }

@book{Zar04,
 author               = {{\v{Z}}{\'a}ra, J. and Bene{\v{s}}, B. and Sochor, J. and Felkel, P.},
 publisher            = {Computer press},
 title                = {Modern{\'i} po{\v{c}}{\'i}ta{\v{c}}ov{\'a} grafika},
 year                 = {2004},
 }
